<?xml version="1.0" encoding="UTF-8"?><collection xmlns="http://www.loc.gov/MARC21/slim"><record><leader>00674nam--2200205-i-4500</leader><controlfield tag="001">000028454</controlfield><controlfield tag="002">20161230</controlfield><controlfield tag="005">20161230201037</controlfield><controlfield tag="008">060222s1000------------r-----000-0-rum-d</controlfield><datafield ind1=" " ind2=" " tag="040"><subfield code="a">IFIN-HH</subfield></datafield><datafield ind1=" " ind2=" " tag="041"><subfield code="a">rum</subfield></datafield><datafield ind1=" " ind2=" " tag="080"><subfield code="a">517.8:519.9</subfield></datafield><datafield ind1="1" ind2=" " tag="100"><subfield code="a">Lee, Alec M</subfield></datafield><datafield ind1="1" ind2="0" tag="245"><subfield code="a">Teoria asteptarii cu aplicatii</subfield><subfield code="b">Traducere din limba engleza de dr.vicentiu dumitru, andrei alexiu si tiberiu spircu</subfield><subfield code="c">Alec m. lee</subfield></datafield><datafield ind1=" " ind2=" " tag="260"><subfield code="a">Bucuresti</subfield><subfield code="b">Editura Tehnica</subfield><subfield code="c">1976</subfield></datafield><datafield ind1=" " ind2=" " tag="300"><subfield code="a">247P</subfield></datafield><datafield ind1=" " ind2=" " tag="490"><subfield code="a">Seria Bazele Matematice Ale Cercetarii Operationale</subfield></datafield><datafield ind1=" " ind2=" " tag="500"><subfield code="a">Titlul Original In Limba Engleza: Applied Queueing Theory</subfield></datafield><datafield ind1=" " ind2=" " tag="852"><subfield code="a">43580</subfield><subfield code="c">519.24</subfield></datafield><datafield ind1=" " ind2=" " tag="CAT"><subfield code="a">Sys</subfield><subfield code="c">20130805</subfield><subfield code="h">140641</subfield></datafield></record></collection>